%% This BibTeX bibliography file was created using BibDesk.
%% https://bibdesk.sourceforge.io/

%% Created for edo liberty at 2022-05-16 08:42:11 -0700 


%% Saved with string encoding Unicode (UTF-8) 



@inproceedings{CIP02,
	acmid = {684567},
	address = {London, UK},
	author = {Charikar, Moses and Indyk, Piotr and Panigrahy, Rina},
	booktitle = {Proceedings of the 29th International Colloquium on Automata, Languages and Programming},
	date-added = {2022-05-16 08:42:05 -0700},
	date-modified = {2022-05-16 08:42:05 -0700},
	isbn = {3-540-43864-5},
	numpages = {12},
	pages = {451--462},
	publisher = {Springer-Verlag},
	series = {ICALP '02},
	title = {New Algorithms for Subset Query, Partial Match, Orthogonal Range Searching, and Related Problems},
	url = {http://portal.acm.org/citation.cfm?id=646255.684567},
	year = {2002},
	bdsk-url-1 = {http://portal.acm.org/citation.cfm?id=646255.684567}}

@inproceedings{GIM99,
	acmid = {671516},
	address = {San Francisco, CA, USA},
	author = {Gionis, Aristides and Indyk, Piotr and Motwani, Rajeev},
	booktitle = {Proceedings of the 25th International Conference on Very Large Data Bases},
	date-added = {2022-05-16 08:42:05 -0700},
	date-modified = {2022-05-16 08:42:05 -0700},
	isbn = {1-55860-615-7},
	numpages = {12},
	pages = {518--529},
	publisher = {Morgan Kaufmann Publishers Inc.},
	series = {VLDB '99},
	title = {Similarity Search in High Dimensions via Hashing},
	url = {http://portal.acm.org/citation.cfm?id=645925.671516},
	year = {1999},
	bdsk-url-1 = {http://portal.acm.org/citation.cfm?id=645925.671516}}

@article{GuhaMMMO03,
	author = {Sudipto Guha and Adam Meyerson and Nina Mishra and Rajeev Motwani and Liadan O'Callaghan},
	bibsource = {DBLP, http://dblp.uni-trier.de},
	date-added = {2012-01-15 15:34:54 +0200},
	date-modified = {2012-01-15 15:35:01 +0200},
	ee = {http://doi.ieeecomputersociety.org/10.1109/TKDE.2003.1198387},
	journal = {IEEE Trans. Knowl. Data Eng.},
	number = {3},
	pages = {515-528},
	title = {Clustering Data Streams: Theory and Practice},
	volume = {15},
	year = {2003}}

@inproceedings{AilonJM09,
	author = {Nir Ailon and Ragesh Jaiswal and Claire Monteleoni},
	bibsource = {DBLP, http://dblp.uni-trier.de},
	booktitle = {NIPS},
	crossref = {DBLP:conf/nips/2009},
	date-added = {2012-01-15 15:17:28 +0200},
	date-modified = {2012-01-15 15:17:36 +0200},
	ee = {http://books.nips.cc/papers/files/nips22/NIPS2009_1085.pdf},
	pages = {10-18},
	title = {Streaming k-means approximation},
	year = {2009}}

@inproceedings{ArthurV07,
	author = {David Arthur and Sergei Vassilvitskii},
	bibsource = {DBLP, http://dblp.uni-trier.de},
	booktitle = {SODA},
	crossref = {DBLP:conf/soda/2007},
	date-added = {2012-01-15 15:14:52 +0200},
	date-modified = {2012-01-15 15:15:02 +0200},
	ee = {http://doi.acm.org/10.1145/1283383.1283494},
	pages = {1027-1035},
	title = {k-means++: the advantages of careful seeding},
	year = {2007}}

@inproceedings{hk-sckmk-05,
	author = {S. {Har-Peled} and A. Kushal},
	booktitle = SOCG_2005,
	date-added = {2012-01-15 14:17:41 +0200},
	date-modified = {2012-01-15 15:37:34 +0200},
	pages = {126--134},
	title = {Smaller Coresets for $k$-Median and $k$-Means Clustering},
	year = {2005}}

@inproceedings{DingH04a,
	author = {Chris H. Q. Ding and Xiaofeng He},
	bibsource = {DBLP, http://dblp.uni-trier.de},
	booktitle = {ICML},
	crossref = {DBLP:conf/icml/2004},
	date-added = {2012-01-14 18:01:07 +0200},
	date-modified = {2012-01-14 18:01:18 +0200},
	ee = {http://doi.acm.org/10.1145/1015330.1015408},
	title = {{\it K}-means clustering via principal component analysis},
	year = {2004}}

@article{Lloyd82leastsquares,
	author = {Stuart P. Lloyd},
	date-added = {2012-01-14 17:55:10 +0200},
	date-modified = {2012-01-14 17:55:10 +0200},
	journal = {IEEE Transactions on Information Theory},
	pages = {129--137},
	title = {Least squares quantization in pcm},
	volume = {28},
	year = {1982}}

@inproceedings{ZhaHDGS01,
	author = {Hongyuan Zha and Xiaofeng He and Chris H. Q. Ding and Ming Gu and Horst D. Simon},
	bibsource = {DBLP, http://dblp.uni-trier.de},
	booktitle = {NIPS},
	crossref = {DBLP:conf/nips/2001},
	date-added = {2012-01-14 17:53:42 +0200},
	date-modified = {2012-01-14 17:54:11 +0200},
	ee = {http://www-2.cs.cmu.edu/Groups/NIPS/NIPS2001/papers/psgz/AA41.ps.gz},
	pages = {1057-1064},
	title = {Spectral Relaxation for K-means Clustering},
	year = {2001}}

@article{Bentley75,
	acmid = {361007},
	address = {New York, NY, USA},
	author = {Bentley, Jon Louis},
	date-added = {2011-12-30 14:57:39 +0200},
	date-modified = {2011-12-30 14:57:58 +0200},
	doi = {http://doi.acm.org/10.1145/361002.361007},
	issn = {0001-0782},
	issue = {9},
	journal = {Commun. ACM},
	keywords = {associative retrieval, attribute, binary search trees, binary tree insertion, information retrieval system, intersection queries, key, nearest neighbor queries, partial match queries},
	month = {September},
	numpages = {9},
	pages = {509--517},
	publisher = {ACM},
	title = {Multidimensional binary search trees used for associative searching},
	url = {http://doi.acm.org/10.1145/361002.361007},
	volume = {18},
	year = {1975},
	bdsk-url-1 = {http://doi.acm.org/10.1145/361002.361007}}

@inproceedings{GionisIM99,
	author = {Aristides Gionis and Piotr Indyk and Rajeev Motwani},
	booktitle = {VLDB},
	date-added = {2011-12-30 14:48:57 +0200},
	date-modified = {2011-12-30 14:54:13 +0200},
	pages = {518-529},
	title = {Similarity Search in High Dimensions via Hashing},
	year = {1999}}

@inproceedings{Charikar02,
	author = {Moses Charikar},
	bibsource = {DBLP, http://dblp.uni-trier.de},
	booktitle = {STOC},
	date-added = {2011-12-30 14:44:59 +0200},
	date-modified = {2011-12-30 14:45:18 +0200},
	ee = {http://doi.acm.org/10.1145/509907.509965},
	pages = {380-388},
	title = {Similarity estimation techniques from rounding algorithms},
	year = {2002}}

@misc{Drineas03passefficient,
	author = {Petros Drineas and Ravi Kannan},
	date-added = {2011-12-18 16:54:46 +0200},
	date-modified = {2011-12-18 16:54:46 +0200},
	title = {Pass Efficient Algorithms for Approximating Large Matrices},
	year = {2003}}

@article{VershyninMatrixChernoffBounds,
	author = {Roman Vershynin},
	date-added = {2011-12-18 11:52:50 +0200},
	date-modified = {2011-12-18 11:56:41 +0200},
	journal = {Lecture Notes},
	title = {A Note On Sums of Independent Random MAtrices After Ahlswede-Winter}}

@article{AhlswedeW02,
	author = {Rudolf Ahlswede and Andreas Winter},
	bibsource = {DBLP, http://dblp.uni-trier.de},
	date-added = {2011-12-18 11:47:32 +0200},
	date-modified = {2011-12-18 11:47:42 +0200},
	ee = {http://dx.doi.org/10.1109/18.985947},
	journal = {IEEE Transactions on Information Theory},
	number = {3},
	pages = {569-579},
	title = {Strong converse for identification via quantum channels},
	volume = {48},
	year = {2002}}

@inproceedings{AilonL11,
	author = {Nir Ailon and Edo Liberty},
	bibsource = {DBLP, http://dblp.uni-trier.de},
	booktitle = {SODA},
	crossref = {DBLP:conf/soda/2011},
	date-added = {2011-11-27 14:08:34 +0200},
	date-modified = {2011-11-27 14:08:39 +0200},
	ee = {http://www.siam.org/proceedings/soda/2011/SODA11_017_ailonn.pdf},
	pages = {185-191},
	title = {An Almost Optimal Unrestricted Fast Johnson-Lindenstrauss Transform},
	year = {2011}}

@article{DasGuptaGupta99,
	author = {S. DasGupta and A. Gupta},
	date-added = {2011-11-27 14:06:16 +0200},
	date-modified = {2011-11-27 14:06:16 +0200},
	journal = {Technical Report, UC Berkeley},
	title = {An elementary proof of the {J}ohnson-{L}indenstrauss lemma},
	volume = {99-006},
	year = 1999}

@inproceedings{AilonCh06,
	address = {Seattle, WA},
	author = {Nir Ailon and Bernard Chazelle},
	booktitle = {Proceedings of the 38st Annual Symposium on the Theory of Compututing (STOC)},
	date-added = {2011-11-27 14:05:58 +0200},
	date-modified = {2011-11-27 14:05:58 +0200},
	pages = {557--563},
	title = {Approximate nearest neighbors and the fast {J}ohnson-{L}indenstrauss transform},
	year = 2006}

@article{JL84,
	author = {W. B. Johnson and J. Lindenstrauss},
	date-added = {2011-11-27 14:05:01 +0200},
	date-modified = {2011-11-27 14:05:01 +0200},
	journal = {Contemporary Mathematics},
	pages = {189--206},
	title = {Extensions of {L}ipschitz mappings into a {H}ilbert space},
	volume = 26,
	year = 1984}

@article{Cohen97,
	acmid = {270010},
	address = {Orlando, FL, USA},
	author = {Cohen, Edith},
	date-added = {2011-11-20 18:25:51 +0200},
	date-modified = {2011-11-20 18:26:01 +0200},
	doi = {10.1006/jcss.1997.1534},
	issn = {0022-0000},
	issue = {3},
	journal = {J. Comput. Syst. Sci.},
	month = {December},
	numpages = {13},
	pages = {441--453},
	publisher = {Academic Press, Inc.},
	title = {Size-estimation framework with applications to transitive closure and reachability},
	url = {http://dl.acm.org/citation.cfm?id=269994.270010},
	volume = {55},
	year = {1997},
	bdsk-url-1 = {http://dl.acm.org/citation.cfm?id=269994.270010},
	bdsk-url-2 = {http://dx.doi.org/10.1006/jcss.1997.1534}}

@misc{Flajolet85probabilisticcounting,
	author = {Philippe Flajolet and G. N. Martin and G. Nigel Martin},
	date-added = {2011-11-20 18:11:01 +0200},
	date-modified = {2011-11-20 18:11:01 +0200},
	title = {Probabilistic Counting Algorithms for Data Base Applications},
	year = {1985}}

@inproceedings{AMS96,
	acmid = {237823},
	address = {New York, NY, USA},
	author = {Alon, Noga and Matias, Yossi and Szegedy, Mario},
	booktitle = {Proceedings of the twenty-eighth annual ACM symposium on Theory of computing},
	date-added = {2011-11-20 18:06:03 +0200},
	date-modified = {2011-11-20 18:06:18 +0200},
	doi = {http://doi.acm.org/10.1145/237814.237823},
	isbn = {0-89791-785-5},
	location = {Philadelphia, Pennsylvania, United States},
	numpages = {10},
	pages = {20--29},
	publisher = {ACM},
	series = {STOC '96},
	title = {The space complexity of approximating the frequency moments},
	url = {http://doi.acm.org/10.1145/237814.237823},
	year = {1996},
	bdsk-url-1 = {http://doi.acm.org/10.1145/237814.237823}}

@inproceedings{Charikar02findingfrequent,
	author = {Moses Charikar and Kevin Chen and Martin Farach-colton},
	date-added = {2011-11-15 15:26:49 +0200},
	date-modified = {2011-11-15 15:26:49 +0200},
	pages = {693--703},
	title = {Finding frequent items in data streams},
	year = {2002}}

@article{Karp03asimple,
	author = {Richard M. Karp and Christos H. Papadimitriou and Scott Shenker},
	date-added = {2011-11-13 16:16:42 +0200},
	date-modified = {2011-11-13 16:16:42 +0200},
	journal = {ACM Transactions on Database Systems},
	pages = {2003},
	title = {A Simple Algorithm For Finding Frequent Elements In Streams And Bags},
	volume = {28},
	year = {2003}}
