%% This BibTeX bibliography file was created using BibDesk.
%% http://bibdesk.sourceforge.net/


%% Created for edo at 2012-01-15 15:37:35 +0200 


%% Saved with string encoding Unicode (UTF-8) 



@article{GuhaMMMO03,
	Author = {Sudipto Guha and Adam Meyerson and Nina Mishra and Rajeev Motwani and Liadan O'Callaghan},
	Bibsource = {DBLP, http://dblp.uni-trier.de},
	Date-Added = {2012-01-15 15:34:54 +0200},
	Date-Modified = {2012-01-15 15:35:01 +0200},
	Ee = {http://doi.ieeecomputersociety.org/10.1109/TKDE.2003.1198387},
	Journal = {IEEE Trans. Knowl. Data Eng.},
	Number = {3},
	Pages = {515-528},
	Title = {Clustering Data Streams: Theory and Practice},
	Volume = {15},
	Year = {2003}}

@inproceedings{AilonJM09,
	Author = {Nir Ailon and Ragesh Jaiswal and Claire Monteleoni},
	Bibsource = {DBLP, http://dblp.uni-trier.de},
	Booktitle = {NIPS},
	Crossref = {DBLP:conf/nips/2009},
	Date-Added = {2012-01-15 15:17:28 +0200},
	Date-Modified = {2012-01-15 15:17:36 +0200},
	Ee = {http://books.nips.cc/papers/files/nips22/NIPS2009_1085.pdf},
	Pages = {10-18},
	Title = {Streaming k-means approximation},
	Year = {2009}}

@inproceedings{ArthurV07,
	Author = {David Arthur and Sergei Vassilvitskii},
	Bibsource = {DBLP, http://dblp.uni-trier.de},
	Booktitle = {SODA},
	Crossref = {DBLP:conf/soda/2007},
	Date-Added = {2012-01-15 15:14:52 +0200},
	Date-Modified = {2012-01-15 15:15:02 +0200},
	Ee = {http://doi.acm.org/10.1145/1283383.1283494},
	Pages = {1027-1035},
	Title = {k-means++: the advantages of careful seeding},
	Year = {2007}}

@inproceedings{hk-sckmk-05,
	Author = {S. {Har-Peled} and A. Kushal},
	Booktitle = SOCG_2005,
	Date-Added = {2012-01-15 14:17:41 +0200},
	Date-Modified = {2012-01-15 15:37:34 +0200},
	Pages = {126--134},
	Title = {Smaller Coresets for $k$-Median and $k$-Means Clustering},
	Year = {2005}}

@inproceedings{DingH04a,
	Author = {Chris H. Q. Ding and Xiaofeng He},
	Bibsource = {DBLP, http://dblp.uni-trier.de},
	Booktitle = {ICML},
	Crossref = {DBLP:conf/icml/2004},
	Date-Added = {2012-01-14 18:01:07 +0200},
	Date-Modified = {2012-01-14 18:01:18 +0200},
	Ee = {http://doi.acm.org/10.1145/1015330.1015408},
	Title = {{\it K}-means clustering via principal component analysis},
	Year = {2004}}

@article{Lloyd82leastsquares,
	Author = {Stuart P. Lloyd},
	Date-Added = {2012-01-14 17:55:10 +0200},
	Date-Modified = {2012-01-14 17:55:10 +0200},
	Journal = {IEEE Transactions on Information Theory},
	Pages = {129--137},
	Title = {Least squares quantization in pcm},
	Volume = {28},
	Year = {1982}}

@inproceedings{ZhaHDGS01,
	Author = {Hongyuan Zha and Xiaofeng He and Chris H. Q. Ding and Ming Gu and Horst D. Simon},
	Bibsource = {DBLP, http://dblp.uni-trier.de},
	Booktitle = {NIPS},
	Crossref = {DBLP:conf/nips/2001},
	Date-Added = {2012-01-14 17:53:42 +0200},
	Date-Modified = {2012-01-14 17:54:11 +0200},
	Ee = {http://www-2.cs.cmu.edu/Groups/NIPS/NIPS2001/papers/psgz/AA41.ps.gz},
	Pages = {1057-1064},
	Title = {Spectral Relaxation for K-means Clustering},
	Year = {2001}}

@article{Bentley75,
	Acmid = {361007},
	Address = {New York, NY, USA},
	Author = {Bentley, Jon Louis},
	Date-Added = {2011-12-30 14:57:39 +0200},
	Date-Modified = {2011-12-30 14:57:58 +0200},
	Doi = {http://doi.acm.org/10.1145/361002.361007},
	Issn = {0001-0782},
	Issue = {9},
	Journal = {Commun. ACM},
	Keywords = {associative retrieval, attribute, binary search trees, binary tree insertion, information retrieval system, intersection queries, key, nearest neighbor queries, partial match queries},
	Month = {September},
	Numpages = {9},
	Pages = {509--517},
	Publisher = {ACM},
	Title = {Multidimensional binary search trees used for associative searching},
	Url = {http://doi.acm.org/10.1145/361002.361007},
	Volume = {18},
	Year = {1975},
	Bdsk-Url-1 = {http://doi.acm.org/10.1145/361002.361007}}

@inproceedings{GionisIM99,
	Author = {Aristides Gionis and Piotr Indyk and Rajeev Motwani},
	Booktitle = {VLDB},
	Date-Added = {2011-12-30 14:48:57 +0200},
	Date-Modified = {2011-12-30 14:54:13 +0200},
	Pages = {518-529},
	Title = {Similarity Search in High Dimensions via Hashing},
	Year = {1999}}

@inproceedings{Charikar02,
	Author = {Moses Charikar},
	Bibsource = {DBLP, http://dblp.uni-trier.de},
	Booktitle = {STOC},
	Date-Added = {2011-12-30 14:44:59 +0200},
	Date-Modified = {2011-12-30 14:45:18 +0200},
	Ee = {http://doi.acm.org/10.1145/509907.509965},
	Pages = {380-388},
	Title = {Similarity estimation techniques from rounding algorithms},
	Year = {2002}}

@misc{Drineas03passefficient,
	Author = {Petros Drineas and Ravi Kannan},
	Date-Added = {2011-12-18 16:54:46 +0200},
	Date-Modified = {2011-12-18 16:54:46 +0200},
	Title = {Pass Efficient Algorithms for Approximating Large Matrices},
	Year = {2003}}

@article{VershyninMatrixChernoffBounds,
	Author = {Roman Vershynin},
	Date-Added = {2011-12-18 11:52:50 +0200},
	Date-Modified = {2011-12-18 11:56:41 +0200},
	Journal = {Lecture Notes},
	Title = {A Note On Sums of Independent Random MAtrices After Ahlswede-Winter}}

@article{AhlswedeW02,
	Author = {Rudolf Ahlswede and Andreas Winter},
	Bibsource = {DBLP, http://dblp.uni-trier.de},
	Date-Added = {2011-12-18 11:47:32 +0200},
	Date-Modified = {2011-12-18 11:47:42 +0200},
	Ee = {http://dx.doi.org/10.1109/18.985947},
	Journal = {IEEE Transactions on Information Theory},
	Number = {3},
	Pages = {569-579},
	Title = {Strong converse for identification via quantum channels},
	Volume = {48},
	Year = {2002}}

@inproceedings{AilonL11,
	Author = {Nir Ailon and Edo Liberty},
	Bibsource = {DBLP, http://dblp.uni-trier.de},
	Booktitle = {SODA},
	Crossref = {DBLP:conf/soda/2011},
	Date-Added = {2011-11-27 14:08:34 +0200},
	Date-Modified = {2011-11-27 14:08:39 +0200},
	Ee = {http://www.siam.org/proceedings/soda/2011/SODA11_017_ailonn.pdf},
	Pages = {185-191},
	Title = {An Almost Optimal Unrestricted Fast Johnson-Lindenstrauss Transform},
	Year = {2011}}

@article{DasGuptaGupta99,
	Author = {S. DasGupta and A. Gupta},
	Date-Added = {2011-11-27 14:06:16 +0200},
	Date-Modified = {2011-11-27 14:06:16 +0200},
	Journal = {Technical Report, UC Berkeley},
	Title = {An elementary proof of the {J}ohnson-{L}indenstrauss lemma},
	Volume = {99-006},
	Year = 1999}

@inproceedings{AilonCh06,
	Address = {Seattle, WA},
	Author = {Nir Ailon and Bernard Chazelle},
	Booktitle = {Proceedings of the 38st Annual Symposium on the Theory of Compututing (STOC)},
	Date-Added = {2011-11-27 14:05:58 +0200},
	Date-Modified = {2011-11-27 14:05:58 +0200},
	Pages = {557--563},
	Title = {Approximate nearest neighbors and the fast {J}ohnson-{L}indenstrauss transform},
	Year = 2006}

@article{JL84,
	Author = {W. B. Johnson and J. Lindenstrauss},
	Date-Added = {2011-11-27 14:05:01 +0200},
	Date-Modified = {2011-11-27 14:05:01 +0200},
	Journal = {Contemporary Mathematics},
	Pages = {189--206},
	Title = {Extensions of {L}ipschitz mappings into a {H}ilbert space},
	Volume = 26,
	Year = 1984}

@article{Cohen97,
	Acmid = {270010},
	Address = {Orlando, FL, USA},
	Author = {Cohen, Edith},
	Date-Added = {2011-11-20 18:25:51 +0200},
	Date-Modified = {2011-11-20 18:26:01 +0200},
	Doi = {10.1006/jcss.1997.1534},
	Issn = {0022-0000},
	Issue = {3},
	Journal = {J. Comput. Syst. Sci.},
	Month = {December},
	Numpages = {13},
	Pages = {441--453},
	Publisher = {Academic Press, Inc.},
	Title = {Size-estimation framework with applications to transitive closure and reachability},
	Url = {http://dl.acm.org/citation.cfm?id=269994.270010},
	Volume = {55},
	Year = {1997},
	Bdsk-Url-1 = {http://dl.acm.org/citation.cfm?id=269994.270010},
	Bdsk-Url-2 = {http://dx.doi.org/10.1006/jcss.1997.1534}}

@misc{Flajolet85probabilisticcounting,
	Author = {Philippe Flajolet and G. N. Martin and G. Nigel Martin},
	Date-Added = {2011-11-20 18:11:01 +0200},
	Date-Modified = {2011-11-20 18:11:01 +0200},
	Title = {Probabilistic Counting Algorithms for Data Base Applications},
	Year = {1985}}

@inproceedings{AMS96,
	Acmid = {237823},
	Address = {New York, NY, USA},
	Author = {Alon, Noga and Matias, Yossi and Szegedy, Mario},
	Booktitle = {Proceedings of the twenty-eighth annual ACM symposium on Theory of computing},
	Date-Added = {2011-11-20 18:06:03 +0200},
	Date-Modified = {2011-11-20 18:06:18 +0200},
	Doi = {http://doi.acm.org/10.1145/237814.237823},
	Isbn = {0-89791-785-5},
	Location = {Philadelphia, Pennsylvania, United States},
	Numpages = {10},
	Pages = {20--29},
	Publisher = {ACM},
	Series = {STOC '96},
	Title = {The space complexity of approximating the frequency moments},
	Url = {http://doi.acm.org/10.1145/237814.237823},
	Year = {1996},
	Bdsk-Url-1 = {http://doi.acm.org/10.1145/237814.237823}}

@inproceedings{Charikar02findingfrequent,
	Author = {Moses Charikar and Kevin Chen and Martin Farach-colton},
	Date-Added = {2011-11-15 15:26:49 +0200},
	Date-Modified = {2011-11-15 15:26:49 +0200},
	Pages = {693--703},
	Title = {Finding frequent items in data streams},
	Year = {2002}}

@article{Karp03asimple,
	Author = {Richard M. Karp and Christos H. Papadimitriou and Scott Shenker},
	Date-Added = {2011-11-13 16:16:42 +0200},
	Date-Modified = {2011-11-13 16:16:42 +0200},
	Journal = {ACM Transactions on Database Systems},
	Pages = {2003},
	Title = {A Simple Algorithm For Finding Frequent Elements In Streams And Bags},
	Volume = {28},
	Year = {2003}}
